<?xml version="1.0" encoding="UTF-8"?><collection xmlns="http://www.loc.gov/MARC21/slim"><record><leader>00571nam--2200181-u-4500</leader><controlfield tag="001">000053864</controlfield><controlfield tag="002">20161230</controlfield><controlfield tag="005">20170119141133</controlfield><controlfield tag="008">110628s1000------------r-----000-0-rum-d</controlfield><datafield ind1=" " ind2=" " tag="040"><subfield code="a">IFIN-HH</subfield></datafield><datafield ind1=" " ind2=" " tag="041"><subfield code="a">rum</subfield></datafield><datafield ind1=" " ind2=" " tag="080"><subfield code="a">537.8</subfield></datafield><datafield ind1="1" ind2=" " tag="100"><subfield code="a">Novacu, Valer</subfield></datafield><datafield ind1="1" ind2="0" tag="245"><subfield code="a">Curs de electrodinamica</subfield><subfield code="b">Predat de prof. dr. Valer Novacu la anul III sectia fizica, redactat si prep. Petre Ion si Vrejoiu Constantin</subfield><subfield code="c">Valer Novacu</subfield></datafield><datafield ind1=" " ind2=" " tag="260"><subfield code="a">Bucuresti</subfield><subfield code="b">Ministerul Invatamantului si Culturii</subfield><subfield code="c">1959</subfield></datafield><datafield ind1=" " ind2=" " tag="300"><subfield code="a">419P</subfield></datafield><datafield ind1=" " ind2=" " tag="852"><subfield code="a">75860</subfield><subfield code="c">537:538</subfield></datafield><datafield ind1=" " ind2=" " tag="CAT"><subfield code="a">SYS</subfield><subfield code="c">20170119</subfield><subfield code="h">141133</subfield></datafield></record></collection>